%
%  Vzor bibliografické databáze pro automatickou tvorbu seznamu referencí
%  pomocí BibTeXu
%
%  Doporučený software pro správu databáze literatury formátu *.bib:
%    JabRef, http://jabref.sourceforge.net/
%
%  POZOR:
%
%    *  Písmena v názvech publikací, jež je třeba tisknout vždy velká, se musejí psát
%       do složených závorek ({T}hailand, {HIV})
%
%  ===========================================================================

@Article{Penrose1968TwistorQuant,
  author  = {Penrose R.},
  journal = {Int J Theor Phys},
  title   = {Twistor quantisation and curved space-time},
  year    = {1968},
  pages   = {61-99},
  volume  = {1},
  doi     = {https://doi.org/10.1007/BF00668831},
}

@InProceedings{Penrose:1968ar,
  author    = {Penrose, Roger},
  booktitle = {{Battelle Rencontres}},
  title     = {{Structure of space-time}},
  year      = {1968},
  pages     = {121--235},
}

@InBook{Penrose:1972xrn,
  author    = {Penrose, Roger},
  editor    = {O'Raifeartaigh, L.},
  pages     = {101--115},
  title     = {{The geometry of impulsive gravitational waves}},
  year      = {1972},
  booktitle = {{General relativity}: {Papers in honour of J.L. Synge}},
}

@Article{Bicak:2000ea,
  author        = {Bičák, Jiří},
  journal       = {Lect. Notes Phys.},
  title         = {{Selected solutions of Einstein's field equations: Their role in general relativity and astrophysics}},
  year          = {2000},
  pages         = {1--126},
  volume        = {540},
  archiveprefix = {arXiv},
  editor        = {Schmidt, Bernd G.},
  eprint        = {gr-qc/0004016},
}

@Article{Podolsky:2016mqg,
  author        = {Podolský, Jiří and Sämann, Clemens and Steinbauer, Roland and Švarc, Robert},
  journal       = {Class. Quant. Grav.},
  title         = {{The global uniqueness and $C^1$-regularity of geodesics in expanding impulsive gravitational waves}},
  year          = {2016},
  number        = {19},
  pages         = {195010},
  volume        = {33},
  archiveprefix = {arXiv},
  doi           = {10.1088/0264-9381/33/19/195010},
  eprint        = {1602.05020},
  primaryclass  = {gr-qc},
}

@Article{Podolsky:2014ysa,
  author        = {Podolský, Jiří and Sämann, Clemens and Steinbauer, Roland and Švarc, Robert},
  journal       = {Class. Quant. Grav.},
  title         = {{The global existence, uniqueness and $C^1$-regularity of geodesics in nonexpanding impulsive gravitational waves}},
  year          = {2015},
  number        = {2},
  pages         = {025003},
  volume        = {32},
  archiveprefix = {arXiv},
  doi           = {10.1088/0264-9381/32/2/025003},
  eprint        = {1409.1782},
  primaryclass  = {gr-qc},
}

@Book{griffiths_podolský_2009,
  author     = {Griffiths, Jerry B. and Podolský, Jiří},
  publisher  = {Cambridge University Press},
  title      = {Exact Space-Times in Einstein's General Relativity},
  year       = {2009},
  series     = {Cambridge Monographs on Mathematical Physics},
  collection = {Cambridge Monographs on Mathematical Physics},
  doi        = {10.1017/CBO9780511635397},
  place      = {Cambridge},
}

@Book{fecko_2006,
  author    = {Fecko, Marián},
  publisher = {Cambridge University Press},
  title     = {Differential Geometry and Lie Groups for Physicists},
  year      = {2006},
  doi       = {10.1017/CBO9780511755590},
  place     = {Cambridge},
}

@article{Podolsky:1997ri,
    author = "Podolský, Jiří and Griffiths, Jerry B.",
    title = "{Impulsive gravitational waves generated by null particles in de Sitter and anti-de Sitter backgrounds}",
    reportNumber = "PRINT-97-238",
    doi = "10.1103/PhysRevD.56.4756",
    journal = "Phys. Rev. D",
    volume = "56",
    pages = "4756--4767",
    year = "1997"
}

@Book{penrose_rindler_1984,
  author     = {Penrose, Roger and Rindler, Wolfgang},
  publisher  = {Cambridge University Press},
  title      = {Spinors and Space-Time},
  year       = {1984},
  series     = {Cambridge Monographs on Mathematical Physics},
  volume     = {1},
  collection = {Cambridge Monographs on Mathematical Physics},
  doi        = {10.1017/CBO9780511564048},
  place      = {Cambridge},
}

@Book{doi:10.1142/5222,
  author    = {O'Donnell, Peter},
  publisher = {WORLD SCIENTIFIC},
  title     = {Introduction to 2-Spinors in General Relativity},
  year      = {2003},
  doi       = {10.1142/5222},
  eprint    = {https://www.worldscientific.com/doi/pdf/10.1142/5222},
  url       = {https://www.worldscientific.com/doi/abs/10.1142/5222},
}

@Article{Podolsky_2017,
  author    = {Podolský, Jiří and Švarc, Robert and Steinbauer, Ronald and Sämann, Clemens},
  journal   = {Physical Review D},
  title     = {Penrose junction conditions extended: {I}mpulsive waves with gyratons},
  year      = {2017},
  number    = {6},
  volume    = {96},
  doi       = {10.1103/physrevd.96.064043},
  publisher = {American Physical Society ({APS})},
}